<?xml version="1.0" encoding="UTF-8"?><collection xmlns="http://www.loc.gov/MARC21/slim"><record><leader>00381nam--2200133-i-4500</leader><controlfield tag="001">000026114</controlfield><controlfield tag="002">20161230</controlfield><controlfield tag="005">20161230201036</controlfield><controlfield tag="008">060222s1000------------r-----000-0-eng-d</controlfield><datafield ind1=" " ind2=" " tag="245"><subfield code="a">Exploration for nuclear raw materials</subfield></datafield><datafield ind1=" " ind2=" " tag="260"><subfield code="a">New Jersey, Van Nostrand, 1956. Xv + 293p</subfield></datafield><datafield ind1=" " ind2=" " tag="490"><subfield code="a">Geneva Series On Peacaful Uses Of Atomic Energy</subfield></datafield><datafield ind1=" " ind2=" " tag="700"><subfield code="a">Nininiger, Robert</subfield></datafield><datafield ind1=" " ind2=" " tag="852"><subfield code="a">12974</subfield></datafield></record></collection>